<collection xmlns="http://www.loc.gov/MARC21/slim">
<record>
  <leader>01502nam0a22002291i 450 </leader>
  <controlfield tag="001">IT\ICCU\CNCE\043409</controlfield>
  <controlfield tag="005">20070702000000.0</controlfield>
  <datafield tag="100" ind1=" " ind2=" ">
    <subfield code="a">19981229d1555        0itac0103    ba</subfield>
  </datafield>
  <datafield tag="101" ind1=" " ind2=" ">
    <subfield code="a">LAT</subfield>
  </datafield>
  <datafield tag="102" ind1=" " ind2=" ">
    <subfield code="a">IT</subfield>
  </datafield>
  <datafield tag="200" ind1="1" ind2=" ">
    <subfield code="a">Formularium variarum commiss. artic. except. interrog. petit. senten. et appellat.  una cum practica signaturae iustitiae circa commissionem causarum quae in eadem Cu. committuntur illustratum. Necnon de deuolutione causarum ac ordinis iudiciarii tractatus. Omnibus aduocatis et procuratoribus causas exercere cupientibus maxime profuturum</subfield>
  </datafield>
  <datafield tag="210" ind1=" " ind2=" ">
    <subfield code="a">\Venezia</subfield>
    <subfield code="c">Michele Tramezzino il vecchio!</subfield>
    <subfield code="e">Venetiis</subfield>
    <subfield code="g">apud Michaelem Tramezzinum</subfield>
    <subfield code="h">1555</subfield>
  </datafield>
  <datafield tag="215" ind1=" " ind2=" ">
    <subfield code="a">4ʻ</subfield>
  </datafield>
  <datafield tag="300" ind1=" " ind2=" ">
    <subfield code="a">E&apos; il front. di 19523 e il coloph di 19520!</subfield>
  </datafield>
  <datafield tag="620" ind1=" " ind2=" ">
    <subfield code="a">IT</subfield>
    <subfield code="d">Venezia</subfield>
  </datafield>
  <datafield tag="712" ind1="0" ind2="0">
    <subfield code="a">Tramezzino, Michele</subfield>
    <subfield code="c"> &lt;1.&gt;</subfield>
    <subfield code="3">IT\ICCU\CNCT\000227</subfield>
    <subfield code="4">650</subfield>
  </datafield>
  <datafield tag="791" ind1="0" ind2="0">
    <subfield code="a">Tramezinus, Michael</subfield>
    <subfield code="c"> &lt;1&gt;</subfield>
    <subfield code="3">IT\ICCU\CNCT\005599</subfield>
    <subfield code="z">Tramezzino, Michele &lt;1.&gt;</subfield>
  </datafield>
  <datafield tag="791" ind1="0" ind2="0">
    <subfield code="a">Tramezino, Michiel</subfield>
    <subfield code="3">IT\ICCU\CNCT\005600</subfield>
    <subfield code="z">Tramezzino, Michele &lt;1.&gt;</subfield>
  </datafield>
  <datafield tag="801" ind1=" " ind2="3">
    <subfield code="a">IT</subfield>
    <subfield code="b">ICCU</subfield>
    <subfield code="c">20201114</subfield>
  </datafield>
  <datafield tag="899" ind1=" " ind2=" ">
    <subfield code="a">Biblioteca capitolare. Sant&apos; Angelo in Vado</subfield>
    <subfield code="1">PU0079</subfield>
    <subfield code="2">ZPU 08</subfield>
  </datafield>
  <datafield tag="911" ind1=" " ind2=" ">
    <subfield code="a">sul front.</subfield>
    <subfield code="9">IT\ICCU\CNCM\000158</subfield>
  </datafield>
  <datafield tag="921" ind1=" " ind2=" ">
    <subfield code="a">IT\ICCU\CNCM\000158</subfield>
    <subfield code="b">Sibilla seduta tiene tra le mani un libro aperto. In basso la scritta: Sibylla. In cornice</subfield>
    <subfield code="e">1. Qual pi ̮fermo  ̈il mio foglio e il mio presaggio; 2. Ne turbata volent rapidis oracula ventis. Nunc folio vates commodiore sonat</subfield>
    <subfield code="c">Z1077</subfield>
    <subfield code="d">Dimensioni: 5,2 x 6,7. Con motto o senza.</subfield>
    <subfield code="f">QUALPIUFER</subfield>
    <subfield code="f">SIBYLLA</subfield>
    <subfield code="f">SIBILLA</subfield>
    <subfield code="f">LIBRO</subfield>
    <subfield code="g">1550-1584</subfield>
  </datafield>
</record>
</collection>
